
@article{Yuksel2007,
   author       = {Cem Yuksel and Donald H. House and John Keyser},
   title        = {Wave Particles},
   journal      = {ACM Transactions on Graphics (Proceedings of SIGGRAPH 2007)},
   year         = {2007},
   volume       = {26},
   number       = {3},
   articleno    = {99},
   location     = {San Diego, California},
   url          = {http://doi.acm.org/10.1145/1276377.1276501},
   doi          = {10.1145/1276377.1276501},
   acmid        = {1276501},
   publisher    = {ACM Press},
   address      = {New York, NY, USA},
}

@article{Theano2016,
    author = {{Theano Development Team}},
    title = "{Theano: A {Python} framework for fast computation of mathematical expressions}",
    journal = {arXiv e-prints},
    volume = {abs/1605.02688},
    primaryClass = "cs.SC",
    keywords = {Computer Science - Symbolic Computation, Computer Science - Learning, Computer Science - Mathematical Software},
    year = 2016,
    month = may,
    url = {http://arxiv.org/abs/1605.02688},
}

@inproceedings{StamFiume1995,
    author={Stam,Jos and Fiume,Eugene},
    editor={ },
    year={1995},
    title={Depicting fire and other gaseous phenomena using diffusion processes},
    booktitle={Proceedings of the ACM SIGGRAPH Conference on Computer Graphics},
    pages={129-135},
    language={English},
    url={www.scopus.com},
}

@book{gameenginebook,
    author    = {Jason Gregory},
    title     = {Game Engine Architecture},
    edition   = {second},
    year      = {2014},
    publisher = {CRC Press},
    address   = {Boca Raton, Florida},
    isbn      = {9781466560017},
}

@misc{gamingmobydick,
   author      = {Zak Kotzer},
   title       = {Rendering Realistic Water Is Still Game Development's Moby Dick},
   year        = {2015},
   howpublished = {\url{http://motherboard.vice.com/read/rendering-realistic-water-is-still-game-developments-moby-dick}},
}
